<?xml version="1.0" encoding="UTF-8"?><collection xmlns="http://www.loc.gov/MARC21/slim"><record><leader>00604nam--2200193-i-4500</leader><controlfield tag="001">000016759</controlfield><controlfield tag="002">20161230</controlfield><controlfield tag="005">20161230201031</controlfield><controlfield tag="008">060222s1000------------r-----000-0-rus-d</controlfield><datafield ind1=" " ind2=" " tag="040"><subfield code="a">IFIN-HH</subfield></datafield><datafield ind1=" " ind2=" " tag="041"><subfield code="a">rus</subfield></datafield><datafield ind1=" " ind2=" " tag="080"><subfield code="a">539.124.143</subfield></datafield><datafield ind1="1" ind2=" " tag="110"><subfield code="a">Akademia Nauk SSSR</subfield></datafield><datafield ind1="1" ind2="0" tag="245"><subfield code="a">Atlas spektrov elektronnogo paramagnitnogo razonansa</subfield></datafield><datafield ind1=" " ind2=" " tag="260"><subfield code="a">Moskva</subfield><subfield code="b">Akademii Nauk Sssr/Nauka</subfield><subfield code="c">1962, 1964</subfield></datafield><datafield ind1=" " ind2=" " tag="300"><subfield code="a">2 VOLUME</subfield></datafield><datafield ind1="1" ind2=" " tag="787"><subfield code="a">Volume 2</subfield><subfield code="d">1964</subfield><subfield code="h">198p</subfield><subfield code="t">Teoreticeski Rassceitannie Simmetricenie Spektri So Slojnoi Sverhtonkoi Strukturoi</subfield></datafield><datafield ind1=" " ind2=" " tag="852"><subfield code="a">74996</subfield><subfield code="c">539.143.43</subfield></datafield><datafield ind1=" " ind2=" " tag="CAT"><subfield code="a">Sys</subfield><subfield code="c">20120511</subfield><subfield code="h">191012</subfield></datafield></record></collection>